00538cas a22002171a 4500
001 9917737683502836
003 Nz
005 20161223172953.0
008 040105d1866uuuunz  r ne      0   0 eng d
035    $a (OCoLC)420953216
035    $a (Nz)8159044
035    $a (NLNZils)1773768-ilsdb
040    $a WN $c WN
042    $a nznb
043    $a u-nz---
245 00 $a Illustrated New Zealander.
260    $a Dunedin [N.Z.]
310    $a Monthly
362 0  $a 1866 Nov.-?
651  0 $a New Zealand $v Newspapers.
655  7 $a New Zealand newspapers. $2 local $5 Nz
